<?xml version="1.0" encoding="UTF-8" ?>
<record xmlns="http://www.loc.gov/MARC21/slim" xmlns:xsi="http://www.w3.org/2001/XMLSchema-instance" xsi:schemaLocation="http://www.loc.gov/MARC21/slim http://www.loc.gov/standards/marcxml/schema/MARC21slim.xsd">
	<leader>02108nam a2200397Mi 4500</leader>
	<controlfield tag="001">ocm00000NEW </controlfield>
	<controlfield tag="003">OCoLC</controlfield>
	<controlfield tag="005">20210316035406.0</controlfield>
	<controlfield tag="006">m        d        </controlfield>
	<controlfield tag="007">cr cn||||m|||a</controlfield>
	<controlfield tag="008">210316s1953    le      o     000 0 ara d</controlfield>
	<datafield ind1=" " ind2=" " tag="040">
		<subfield code="a">ZYU</subfield>
		<subfield code="b">ara</subfield>
		<subfield code="e">rda</subfield>
		<subfield code="c">ZYU</subfield>
	</datafield>
	<datafield ind1=" " ind2=" " tag="035">
		<subfield code="a">(OCoLC)NEW</subfield>
	</datafield>
	<datafield ind1=" " ind2=" " tag="049">
		<subfield code="a">ZYUU</subfield>
	</datafield>
	<datafield ind1="1" ind2=" " tag="100">
		<subfield code="6">880-01</subfield>
		<subfield code="a">Sibāʻī, Muṣṭafá,</subfield>
		<subfield code="d">1915-1964.</subfield>
	</datafield>
	<datafield ind1="1" ind2="0" tag="245">
		<subfield code="6">880-02</subfield>
		<subfield code="a">Limādhā akhfaqat al-Jāmiʻah al-ʻArabīyah? wa-kayfa taṣbaḥu adāh nāfiʻah lil-ʻArab? :</subfield>
		<subfield code="b">Naṣṣ al-kalimah allatī alqāhā Muṣṭafá fī iḥtifāl al-Hayʼah al-Waṭanīyah fī Lubnān.</subfield>
	</datafield>
	<datafield ind1=" " ind2=" " tag="260">
		<subfield code="6">880-03</subfield>
		<subfield code="a">[Beirut] :</subfield>
		<subfield code="b">[publisher not identified],</subfield>
		<subfield code="c">1953.</subfield>
	</datafield>
	<datafield ind1=" " ind2=" " tag="300">
		<subfield code="a">online resource (16 pages)</subfield>
	</datafield>
	<datafield ind1=" " ind2=" " tag="336">
		<subfield code="a">text</subfield>
		<subfield code="2">rdacontent</subfield>
	</datafield>
	<datafield ind1=" " ind2=" " tag="337">
		<subfield code="a">computer</subfield>
		<subfield code="2">rdamedia</subfield>
	</datafield>
	<datafield ind1=" " ind2=" " tag="338">
		<subfield code="a">online resource</subfield>
		<subfield code="2">rdacarrier</subfield>
	</datafield>
	<datafield ind1=" " ind2=" " tag="500">
		<subfield code="a">Part of the Arabic Collections Online (ACO) project, contributed by Princeton University Libraries.</subfield>
	</datafield>
	<datafield ind1=" " ind2=" " tag="533">
		<subfield code="a">Electronic reproduction.</subfield>
		<subfield code="b">New York, N.Y. :</subfield>
		<subfield code="c">New York University,</subfield>
		<subfield code="d">2021.</subfield>
		<subfield code="5">NNU</subfield>
	</datafield>
	<datafield ind1=" " ind2=" " tag="546">
		<subfield code="a">In Arabic.</subfield>
	</datafield>
	<datafield ind1="2" ind2="0" tag="610">
		<subfield code="a">League of Arab States.</subfield>
	</datafield>
	<datafield ind1="2" ind2="7" tag="610">
		<subfield code="a">League of Arab States.</subfield>
		<subfield code="2">fast</subfield>
		<subfield code="0">(OCoLC)fst00540088</subfield>
	</datafield>
	<datafield ind1="2" ind2=" " tag="710">
		<subfield code="a">Princeton University.</subfield>
		<subfield code="b">Library.</subfield>
	</datafield>
	<datafield ind1="0" ind2=" " tag="730">
		<subfield code="a">Arabic Collections Online.</subfield>
	</datafield>
	<datafield ind1="0" ind2="8" tag="776">
		<subfield code="i">Print version:</subfield>
		<subfield code="a">Sibāʻī, Muṣṭafá, 1915-1964.</subfield>
		<subfield code="t">Limādhā akhfaqat al-Jāmiʻah al-ʻArabīyah? wa-kayfa taṣbaḥu adāh nāfiʻah lil-ʻArab?</subfield>
		<subfield code="w">(NjP)2835696</subfield>
		<subfield code="w">(OCoLC)42939342</subfield>
	</datafield>
	<datafield ind1="4" ind2="0" tag="856">
		<subfield code="u">http://hdl.handle.net/2333.1/pc86746k</subfield>
	</datafield>
	<datafield ind1="1" ind2=" " tag="880">
		<subfield code="6">100-01/r</subfield>
		<subfield code="a">سباعي، مصطفى،</subfield>
		<subfield code="d">1915-1964.</subfield>
	</datafield>
	<datafield ind1="1" ind2="0" tag="880">
		<subfield code="6">245-02/r</subfield>
		<subfield code="a">لماذا اخفقت الجامعة العربية؟ وكيف تصبح اداة نافعة للعرب؟ :</subfield>
		<subfield code="b">نص الكملة التي القاها مصطفى في احتفال الهيئه الوطنية في لبنان.</subfield>
	</datafield>
	<datafield ind1=" " ind2=" " tag="880">
		<subfield code="6">260-03/r</subfield>
		<subfield code="a">[بيروت] :</subfield>
		<subfield code="b">[الناشر غيرمعروف]،</subfield>
		<subfield code="c">1953.</subfield>
	</datafield>
	<datafield ind1=" " ind2=" " tag="959">
		<subfield code="a">NNU</subfield>
		<subfield code="b">WEB</subfield>
		<subfield code="c">GENI</subfield>
		<subfield code="t">0</subfield>
		<subfield code="m">Electronic access</subfield>
		<subfield code="s">01</subfield>
	</datafield>
	<datafield ind1=" " ind2=" " tag="999">
		<subfield code="i">NjP_2835696</subfield>
		<subfield code="o">(OCoLC)ocm42939342</subfield>
		<subfield code="s">princeton_aco001959</subfield>
		<subfield code="e">(ERROR-880)(ERROR-MISC)</subfield>
		<subfield code="s">princeton_aco001959</subfield>
	</datafield>
	<datafield ind1=" " ind2=" " tag="994">
		<subfield code="a">C0</subfield>
		<subfield code="b">ZYU</subfield>
	</datafield>
</record>